2682 3533
197 346 344 399 tione„¹
369 341 681 414 perspicitur,
715 354 808 396 cur
843 341 894 391 in
932 341 1028 395 hac
1063 337 1302 397 menna
1336 344 1493 406 poeta
1536 336 1864 398 maleficorum
1912 341 2214 401 mentionem·
2239 336 2326 391 se-

145 420 148 423 *
200 441 354 502 cerit,
375 443 467 490 et,-
480 437 643 502 primo
662 433 871 501 quidem
890 433 1031 488 loco.
1102 431 1164 486 Si
1198 435 1357 504 igitur
1393 433 1668 500 prudenter
1718 448 1988 494 cavemus,
2038 448 2106 486 ne
2139 433 2205 485 ad
2238 435 2327 485 ni-

199 535 337 590 miam
356 529 681 585 ,subtilitatem
699 527 1005 595 aberremus,
1043 541 1178 583 neve
1202 529 1254 578 in
1276 532 1471 593 poetam
1495 527 1751 592 audaciam
1769 526 2134 581 transferamus
2159 533 2327 580 teme-.

199 620 577 691 raviam-facile
614 608 924 680 inveniemus
937 657 956 685 ‚
1007 637 1109 689 qua
1132 626 1297 679 ,recta
1346 623 1538 675 ratione
1585 622 1667 675 ille
1717 619 1835 674 usus
1883 620 2049 686 fuerit
2122 622 2332 683 Etenim(

202 719 333 784 apud
369 731 487 770 eum
518 730 587 766 ex
622 717 928 781 antiquorum
965 716 1209 767 hominum
1247 717 1479 781 opinione
1528 718 1754 768 notiones
1806 716 2087 782 opulentiae
2124 723 2175 768 et
2212 718 2323 772 vir-

204 813 323 862 tutis
361 814 412 861 et
447 809 578 860 bene
613 815 757 860 actae
794 811 929 860 vitae
965 814 1220 878 cognatae
1256 807 1364 860 [mit
1398 815 1451 861 et
1488 811 1538 860 in
1572 824 1720 861 unum
1758 806 1891 876 quasi
1927 815 2121 860 coeunt.
2193 810 2318 860 Eum

205 905 344 969 enim,
393 904 478 968 qui
514 903 691 967 opibus
730 902 946 972 gaudet,
982 902 1101 953 nihil
1136 903 1360 969 impedit,
1409 916 1507 969 quo
1545 904 1705 953 minus
1741 908 1882 954 recte
1919 899 2141 969 iulteque
2179 910 2317 972 agat.

202 995 372 1059 Quare
409 1002 559 1063 poeta
593 997 827 1064 loquutus
863 994 931 1046 est
967 998 1049 1064 ita,
1084 999 1154 1047 uti
1192 997 1337 1048 aliter
1374 998 1509 1064 loqui
1551 1011 1650 1046 non
1685 995 1858 1064 poll'et.
1898 997 2159 1066 Sententia
2193 998 2319 1048 baec

203 1088 293 1140 est:
329 1092 390 1155 is,
427 1093 512 1156 qui
550 1091 727 1155 opibus
765 1096 945 1155 potens
983 1088 1077 1157 est,
1126 1091 1273 1143 bene.
1305 1093 1558 1160 cognitum
1608 1092 1782 1157 habet7
1832 1092 1950 1158 quid
1996 1090 2215 1149 futurum
2254 1089 2324 1157 fit,

201 1182 384 1250 fibique
425 1190 565 1235 recte
601 1182 823 1250 iusteque
862 1186 1110 1254 agendum
1150 1182 1266 1251 effe,
1300 1200 1483 1236 memor
1518 1183 1651 1235 istius
1690 1187 1879 1252 iudicii,
1916 1201 2014 1251 quo
2054 1183 2155 1250 post
2190 1201 2320 1236 mor-

200 1285 297 1330 tem
334 1277 537 1332 malefici
576 1294 766 1343 poenas
803 1280 1095 1343 rependunt.
1158 1279 1338 1346 Neque
1388 1294 1513 1331 vero
1559 1277 1710 1330 statim
1750 1285 1896 1344 poeta
1933 1277 2162 1332 describit
2196 1281 2320 1330 bea-

202 1378 299 1422 tam
335 1373 569 1423 bonorum
606 1373 754 1422 vitam
790 1369 894 1436 post
934 1379 1158 1438 mortem,
1206 1370 1290 1423 sed
1339 1379 1486 1423 antea
1534 1373 1753 1424 declarat
1800 1373 2059 1437 opulentos
2109 1373 2319 1438 ideoque

207 1469 390 1517 virtute
427 1466 681 1531 praeditos
720 1481 918 1532 curare⁷
954 1482 1019 1517 ne
1056 1482 1246 1531 poenas
1296 1465 1527 1517 maleficis
1578 1470 1881 1517 immInentes
1919 1472 1969 1515 in
2006 1464 2058 1518 sc
2096 1482 2318 1516 conver-

205 1565 321 1609 tant.

345 1652 566 1703 Transeo
603 1654 665 1703 ad
704 1657 898 1705 tertium
923 1654 1095 1721 locum,
1131 1657 1180 1704 in
1218 1669 1317 1720 quo
1344 1656 1545 1722 longum
1572 1651 1640 1705 est
1666 1669 1930 1720 enarrare,
1968 1669 2111 1720 quam
2156 1655 2316 1704 multi-

202 1747 378 1811 plicem
413 1745 717 1799 subtilitatem
753 1750 849 1798 viri
885 1740 1015 1799 docti
1051 1749 1384 1815 adhibuerint,
1433 1754 1487 1799 nt
1523 1746 1807 1800 sententiam
1857 1754 2035 1813 poetae
2084 1762 2318 1813 compre-

201 1840 492 1893 henderent.
532 1842 589 1892 ln
627 1843 780 1906 primo
816 1843 1032 1894 carmine
1070 1842 1316 1893 Pindarus
1354 1842 1416 1893 ad
1452 1840 1797 1893 celebrandum
1837 1841 2073 1907 Pelopem
2110 1848 2314 1908 praeter

205 1935 302 1984 alia
346 1932 556 1988 fabulam
570 1972 586 2003 7
633 1950 734 2002 qua
769 1936 1009 1986 Tantalus
1059 1936 1314 1986 dicebatur
1364 1950 1551 2001 corpus
1591 1933 1671 1984 filii
1707 1939 1896 1986 coctum
1933 1937 1983 1985 in
2021 1936 2181 2001 epulis
2221 1950 2314 1999 ap-

203 2025 408 2094 posuiffe
445 2029 554 2097 diis,
591 2045 652 2081 eo
690 2028 880 2080 confilio
921 2036 1108 2095 narrat,
1149 2036 1203 2080 ut
1239 2030 1487 2080 meliorem
1539 2044 1633 2079 nec
1670 2028 1764 2078 diis
1803 2029 2054 2099 indignam
2091 2029 2313 2094 explica-

202 2126 378 2175 tionem
417 2127 603 2190 antiqui
637 2124 789 2188 mytbi
826 2131 1083 2189 proponat.
1122 2126 1256 2176 Dicit
1293 2126 1450 2192 igitur
1487 2140 1536 2172 v.
1561 2119 1634 2172 46
1661 2118 1816 2188 (72)

311 2221 370 2274 ὡς
406 2221 446 2265 δ’
484 2220 717 2281 ἄφαντος
736 2222 920 2275 ἔπελες,
961 2222 1073 2266 ου’ὁὲ
1106 2223 1250 2278 ματρὶ
1297 2222 1454 2265 πολλοὶ
1501 2221 1748 2277 μαιόμενοι
1799 2227 1956 2279 φῶτες
1999 2221 2190 2279 ἄγαγον,

312 2314 474 2358 ἔννεπε
497 2318 661 2375 κρυφᾶ,
684 2331 752 2370 τις
775 2315 948 2360 αὐτίκα
972 2318 1227 2375 &ovs-(1031)
1250 2314 1493 2375 γειτόνων,

314 2406 485 2463 ὕδατος
509 2406 585 2453 ὅτι
603 2425 661 2453 ,τε
683 2409 801 2466 πυρὶ
824 2404 1016 2466 ζέοισαν
1041 2407 1160 2469 ἄμφ’
1184 2407 1336 2465 ἀκμὰυ

310 2505 518 2564 μαχαίρᾳ
544 2503 697 2561 τάμου
721 2502 843 2546 κατὰ
866 2502 1004 2563 μέλη,

312 2594 592 2655 τραπέζαισί
616 2598 655 2642 τ’
680 2596 806 2658 ἀμφὶ
829 2595 1034 2641 δεύτατα
1059 2602 1206 2655 κρεῶν

311 2694 458 2738 σέθεν
476 2690 756 2738 διεδάσαντο
777 2691 870 2737 ’καὶ
905 2691 1079 2751 φάγον.

204 2778 286 2831 Est
337 2781 417 2832 bic
451 2781 607 2847 locus
658 2796 725 2832 ex
775 2782 837 2831 iis
851 2817 865 2846 ⁷
911 2780 922 2784 “
936 2782 987 2831 iu
1035 2782 1214 2847 quibus
1264 2786 1377 2832 ante
1432 2783 1587 2831 omnia
1638 2796 1939 2846 quaeramus
1953 2817 1970 2848 5
2017 2782 2135 2847 quid
2175 2790 2322 2847 poeta·
