2682 3533
277 947 359 1040 ln
396 988 475 1039 his
514 990 778 1053 prooemiis
818 988 962 1039 vobis
1001 988 1223 1053 maxime,
1258 984 1418 1039 Cives
1454 983 1687 1052 caristimi,
1722 983 1968 1038 destinatis
1995 994 2290 1056 argumenta
2313 992 2393 1040 vi-

279 1083 456 1136 dentur
492 1082 749 1134 tractanda
786 1079 901 1149 effe,
938 1095 1068 1149 quae
1105 1081 1167 1132 ad
1203 1077 1365 1132 vestra
1400 1076 1551 1131 studia
1588 1095 1652 1132 ea
1689 1082 1878 1133 ratione
1915 1083 2180 1150 pertinent,
2216 1088 2271 1134 ut
2309 1084 2393 1135 vel

279 1178 566 1244 praeceptis
603 1182 897 1244 exponatur,
934 1190 1031 1242 qua
1067 1183 1206 1227 recta
1252 1176 1335 1225 via
1369 1175 1421 1225 in
1457 1174 1728 1226 litterarum
1777 1191 1950 1242 campo
1988 1176 2051 1227 ad
2087 1176 2393 1229 condendam

281 1273 548 1323 doctrinam
589 1271 983 1340 progrediamur,
1018 1270 1103 1321 vel
1138 1269 1382 1334 exemplis
1420 1268 1799 1336 demonstretur,
1838 1285 1938 1335 qua
1977 1273 2207 1322 cautione
2246 1287 2392 1324 erro-

280 1380 367 1416 res
418 1361 675 1415 doctiffimo
725 1366 905 1431 cuique
955 1361 1256 1430 periculosos
1294 1364 1455 1414 vitare
1504 1362 1694 1414 deceat.
1769 1364 1911 1415 Haec
1952 1371 2113 1415 utrum
2151 1366 2202 1415 in
2237 1367 2392 1418 rebus

280 1460 630 1529 grammaticiS,
667 1473 732 1509 an
767 1459 818 1508 in
855 1459 964 1509 aliis
1001 1458 1329 1524 declarentur,
1365 1471 1540 1522 parum
1577 1462 1662 1508 aut
1698 1458 1816 1508 nihil
1854 1456 2063 1510 interest.
2102 1458 2392 1512 Communia

283 1555 409 1604 enim
445 1552 629 1603 habent
666 1566 835 1603 omnes
875 1552 1067 1604 litterae
1105 1552 1359 1618 principia,
1396 1558 1546 1617 atque
1583 1566 1682 1601 una
1730 1548 1798 1602 est
1834 1552 2120 1619 prudentia,
2170 1568 2269 1619 qua
2305 1569 2392 1605 res

281 1646 383 1697 live
422 1652 563 1696 actae
599 1643 698 1696 five
738 1645 971 1714 agendae
1007 1641 1127 1695 iuste
1165 1649 1216 1695 et
1251 1641 1411 1695 sobrie
1447 1644 1739 1711 iudicentur,
1776 1660 1874 1695 una
1911 1647 2007 1712 via,
2047 1660 2178 1712 quae
2206 1647 2269 1697 ad
2296 1664 2392 1699 ve-

282 1743 475 1792 ritatem
512 1755 606 1791 nos
648 1740 899 1805 perducat.
939 1738 1108 1801 Quare
1148 1741 1291 1790 etiam
1329 1740 1376 1805 ii,
1413 1740 1497 1804 qui
1534 1740 1585 1788 in
1622 1753 1863 1807 novarum
1890 1754 2055 1790 rerum
2078 1737 2245 1792 studiis
2271 1758 2392 1794 ver-

282 1835 462 1901 santur,
497 1833 530 1884 fi
566 1833 768 1901 sapiunt,
803 1849 901 1884 non
939 1833 1240 1900 dubitabunt,
1277 1835 1393 1899 quin
1432 1835 1481 1883 in
1517 1834 1594 1899 iis,
1636 1848 1764 1899 quae
1802 1834 1865 1885 de
1902 1836 2191 1902 antiquitate
2230 1835 2393 1903 dispu-

283 1935 464 1997 tantur,
501 1930 648 1980 multa
685 1931 966 1992 inveniant,
1018 1942 1149 1995 quae
1184 1929 1235 1978 in
1271 1925 1406 1978 suum
1445 1926 1579 1978 usum
1616 1925 1901 1996 conferant,
1951 1944 2114 1996 neque
2150 1945 2263 1998 arS,
2312 1935 2393 1983 cui

283 2026 591 2093 grammatici
629 2038 828 2088 operam
865 2022 1173 2088 impendunt,
1211 2023 1382 2072 critica
1430 2022 1493 2072 ad
1530 2020 1629 2071 sola
1669 2023 1912 2072 vocabula
1951 2026 2135 2090 attinet,
2174 2022 2257 2075 sed
2294 2041 2393 2092 qua

284 2120 712 2187 argumentatione
740 2131 864 2167 vera
901 2132 930 2166 a
967 2113 1094 2166 falfis
1131 2113 1469 2166 discernantur
1500 2116 1659 2167 docet.

428 2211 506 2262 Ne
545 2213 657 2277 quis
695 2224 820 2260 vero
857 2212 1072 2275 miretur,
1108 2223 1186 2259 me
1222 2224 1353 2259 nunc
1403 2209 1466 2259 de
1499 2209 1711 2261 >Pindari
1759 2211 2055 2260 carminibus
2094 2209 2194 2262 ess'e
2233 2213 2394 2265 dictu-

285 2320 414 2370 rum,
463 2318 594 2370 quae
632 2320 663 2354 a
700 2306 825 2354 viris
861 2306 911 2353 in
947 2303 1042 2354 hac
1092 2300 1337 2367 disciplina
1390 2299 1770 2353 celebratisfimis
1808 2303 1870 2352 ad
1906 2305 2152 2371 integram
2193 2304 2394 2359 formam

284 2397 488 2448 redacta
524 2402 575 2449 et
613 2403 707 2448 tam
744 2401 978 2448 accurate
1016 2395 1261 2464 explicata
1298 2392 1399 2446 ell'e
1435 2395 1712 2462 videantur,
1749 2401 1802 2446 ut
1839 2398 1927 2446 v‘ut
1965 2398 2225 2465 quidquam
2264 2416 2394 2454 novo

286 2489 437 2541 studio
474 2491 696 2542 relictum
735 2489 801 2558 fit,
836 2491 886 2541 id
920 2505 1069 2540 unum
1115 2503 1438 2556 praemoneo,
1488 2489 1753 2540 Pindarum
1790 2492 1918 2540 inter
1956 2506 2048 2542 eos
2086 2491 2268 2544 referri
2306 2496 2396 2547 de-

262 2585 427 2648 bere,
467 2597 672 2650 quorum
714 2587 765 2637 in
799 2581 993 2650 scriptis
1031 2584 1371 2651 quodcumque
1406 2598 1587 2634 aevum
1621 2581 1907 2653 gravisfima
1946 2588 2201 2656 cogitandi
2227 2595 2279 2641 et
2301 2589 2397 2641 dis-

287 2676 478 2729 serendi
513 2684 808 2747 argumenta
845 2681 1159 2730 inventurum
1196 2676 1264 2728 fit.
1330 2678 1491 2728 'l'anta
1529 2675 1596 2728 est
1634 2680 1947 2746 ingeniorum
1986 2680 2257 2733 divinorum
2295 2687 2392 2748 vis,

1838 2776 1875 2814 A
