2682 3533
308 346 481 394 dicere
508 343 751 408 potuerit,
787 342 993 407 quidve>
1012 353 1113 393 non
1152 336 1388 406 pomeria
1417 340 1771 393 Praetermitto
1806 343 2079 412 modelam,
2116 345 2265 411 qnam
2300 345 2445 397 Boe-

308 418 488 488 ckhius
526 450 558 486 e
595 434 1085 485 duobusvcodicibus
1116 429 1323 484 attulill'e
1358 429 1442 484 libi
1478 422 1616 484 v'ifus
1653 438 1764 484 erat
1781 432 2024 488 ¹{ci-ibens
2051 434 2281 506 ὁὲύμαω,
2304 440 2442 506 quod

312 527 492 584 etiamsi
530 542 632 580 non
668 529 736 579 ita
773 525 1001 579 absonum
1037 523 1142 593 fuit,
1177 530 1234 576 ut
1268 527 1332 577 ab
1349 526 1646 578 Ablwardto
1683 528 1925 580 inurbano
1961 528 2059 582 risu
2093 532 2438 598 exciperetur.

308 632 475 679 tamen
514 625 707 676 nimium
743 622 870 673 adeo
905 620 1096 672 redolet
1131 620 1368 685 culinam,
1420 635 1515 673 nec
1552 634 1614 672 eo
1651 621 1955 690 vindicatur,
2004 625 2136 690 qnod
2176 608 2441 694 Pindarus7

312 727 367 773 ut
403 721 456 771 in
495 719 608 770 aliis
644 717 784 783 locis,
822 717 889 766 ita
924 715 1007 766 hic
1045 728 1248 783 quoque
1285 717 1477 767 iocatus
1516 712 1650 768 effet.
1690 717 1802 767 Res
1836 718 1984 785 enim,
2021 718 2086 774 de
2121 734 2222 787 qua
2256 721 2338 773 ille
2365 721 2444 773 lo-

312 817 504 883 quitur,
542 807 789 862 tristiffima
828 815 954 861 erat.
992 809 1095 860 Alii
1135 811 1458 878 interpretes,
1497 809 1811 862 Athenaeum
1851 807 2058 880 sequuti,
2093 814 2446 867 intellexerunt

311 907 553 959 secundas
604 904 808 969 θρωπε,
858 917 989 968 quae
1039 918 1140 954 non
1190 907 1439 969 ὁεύταται,
1488 902 1572 955 fed
1609 907 1822 966 δεύτεραι
1862 905 2254 969 appellabantur.
2331 910 2443 960 Nec

308 996 475 1051 caull'a
513 1002 755 1064 apparet,
804 1011 897 1047 cur
946 994 1174 1048 secundis
1226 996 1391 1061 epulis
1439 993 1704 1062 appolitum
1743 993 1894 1048 fuerit
1929 997 2197 1049 laceratum
2235 1000 2440 1067 Pelopis

307 1107 526 1158 corpus:
561 1106 698 1156 quae
734 1088 919 1141 scilicet
955 1089 1212 1141 indicanda
1251 1094 1374 1140 erat.
1412 1089 1515 1139 Alii
1554 1086 1886 1141 existimabant
1924 1087 2186 1159 fignificari
2223 1094 2434 1144 ultimam

312 1187 570 1252 epularum
608 1188 815 1251 partem⁷
851 1198 950 1234 non
989 1184 1050 1234 ad
1087 1183 1136 1234 id
1172 1181 1525 1250 respicientes,
1561 1183 1694 1250 quod
1729 1185 1916 1250 antiqui
1956 1186 2107 1235 moris
2145 1190 2269 1237 erat.
2318 1187 2444 1238 Nam

312 1282 362 1330 in
400 1280 640 1331 extremis
682 1278 932 1328 conviviis
972 1292 1073 1328 non
1106 1291 1287 1328 carnes
1325 1277 1506 1342 apponi
1542 1274 1787 1343 solebant,
1836 1274 1921 1329 sed
1963 1283 2207 1343 pemmata
2243 1285 2296 1331 et
2333 1281 2443 1332 bel-

310 1376 433 1424 laria
470 1380 520 1422 et
556 1372 700 1421 mala.
744 1373 1017 1421 Hermanni
1053 1368 1336 1436 sententiae⁷
1374 1385 1475 1436 qua
1511 1385 1696 1420 carnes
1747 1370 2002 1438 dicantur,
2055 1386 2120 1422 ne
2156 1374 2443 1442 intelligan-

310 1477 392 1518 tur
430 1463 544 1530 offa,
581 1470 840 1517 extremae
877 1469 1043 1516 autem
1080 1468 1365 1529 propterea,
1404 1463 1536 1528 qnod
1572 1461 1703 1514 solus
1741 1464 1977 1515 humerus
2026 1463 2338 1532 consumptus
2388 1474 2442 1517 vet

313 1558 479 1628 postea
517 1560 670 1610 ebore
708 1556 963 1624 suppletus
1001 1555 1181 1625 fuerit,
1219 1559 1439 1607 rationes
1478 1571 1571 1608 eae
1608 1555 1963 1627 refragantur,
1999 1573 2130 1625 quae
2167 1559 2230 1610 ad
2266 1576 2441 1612 veram

313 1655 690 1720 explicationem
741 1652 1035 1718 perducunt.
1097 1652 1222 1702 Nam
1258 1654 1308 1701 in
1353 1650 1523 1701 sabula
1570 1648 1706 1701 istius
1757 1654 1906 1702 vicini
1953 1653 2180 1703 malevoli
2219 1669 2314 1705 nec
2350 1655 2442 1705 hu-

314 1751 438 1801 meri
475 1762 569 1798 nec
609 1747 909 1811 reliquarum
946 1747 1157 1809 partium
1195 1748 1372 1796 mentio
1412 1744 1546 1795 facta
1584 1742 1678 1810 est,
1713 1761 1809 1796 nec
1848 1727 1955 1796 fieri
2001 1752 2224 1811 poterat:
2275 1764 2442 1814 neque

314 1845 555 1892 humerus
594 1854 693 1889 non
736 1840 847 1889 aliis
886 1840 1059 1889 verbis
1111 1840 1286 1888 additis
1323 1837 1597 1904 fimpliciter
1635 1841 1806 1888 vocari
1856 1837 2009 1903 potest
2058 1846 2279 1891 extrema
2326 1857 2442 1893 car-

315 1939 446 1986 nium
474 1949 611 1999 pars,
651 1949 746 1984 nec
783 1948 931 1983 unum
969 1933 1227 1983 humerum
1263 1933 1542 1997 putabimus
1591 1934 1720 1983 inter
1758 1947 1928 1983 omnes
1967 1936 2212 1985 convivas
2253 1936 2442 2001 (ἀμφὶ)

318 2027 615 2080 distributum
655 2027 764 2078 dici.
842 2024 1095 2088 Quaenam
1131 2027 1290 2096 igitur
1327 2024 1568 2077 succurrit
1604 2040 1729 2078 vera
1767 2023 1934 2077 ratio?
1978 2026 2052 2079 Vt
2088 2023 2349 2078 statuamus
2380 2028 2444 2094 id,

314 2123 446 2191 quod
481 2138 512 2173 a
548 2127 699 2188 poeta
745 2125 1034 2171 narraret-ur
1073 2117 1271 2171 neceil'e
1311 2125 1433 2170 erat.
1510 2120 1698 2185 Pelops
1753 2122 1952 2172 iuvenis
2004 2123 2054 2171 in
2091 2122 2279 2173 coelum
2328 2120 2443 2173 sub-

316 2220 446 2268 latus
485 2221 767 2268 evanuerat
817 2220 868 2266 et
919 2229 984 2265 ne
1034 2211 1293 2283 vestigium
1343 2213 1538 2279 quidem
1587 2215 1882 2280 reliquerat:
1931 2231 2030 2281 quo
2070 2214 2202 2266 facto
2240 2232 2371 2266 unns
2412 2233 2442 2267 e

318 2313 497 2362 vicinis
533 2311 695 2375 impiis
738 2306 929 2375 exstitit,
967 2311 1051 2374 qui
1089 2308 1294 2375 diceret,
1331 2322 1517 2373 corpus
1555 2307 1758 2374 Pelopis
1807 2315 1998 2359 coctum
2037 2316 2088 2360 et
2124 2325 2154 2358 a
2192 2310 2285 2360 diis
2321 2325 2443 2360 con-

317 2404 604 2454 vivantibus
643 2399 742 2453 ell'e
781 2403 1085 2468 devoratum,
1125 2417 1220 2452 nec
1258 2402 1388 2451 ullas
1437 2403 1650 2450 inveniri
1699 2402 1955 2467 reliquias.
2016 2403 2073 2452 Id
2111 2402 2442 2454 comminisce-

317 2500 464 2549 batur
502 2496 629 2546 illico
668 2496 913 2560 (αὐτίκα),
952 2509 1047 2546 nec
1085 2494 1275 2546 humeri
1325 2495 1616 2545 mentionem
1654 2492 1828 2545 facere
1866 2499 2089 2562 poterat,
2127 2495 2189 2546 de
2229 2510 2326 2562 quo
2365 2497 2445 2546 alii

319 2588 484 2656 postea
523 2586 734 2641 fabulam
775 2586 1116 2641 confecerunt.
1154 2589 1325 2654 Atque
1356 2586 1473 2638 illud
1512 2585 1672 2639 refert
1724 2592 1872 2653 poeta
1922 2587 2095 2640 dicens
2146 2604 2344 2642 carnem
2361 2616 2363 2619 v
2382 2589 2444 2641 ad

317 2685 484 2736 ultima
520 2679 671 2735 frusta
711 2678 812 2735 ell'e
849 2679 1098 2734 comesam.
1139 2685 1357 2732 Δεύτατα
1382 2682 1511 2732 enim
1546 2678 1654 2732 sunt
1694 2681 1874 2749 ultima,
1924 2687 2162 2734 extrema.
2216 2681 2444 2735 Scholia·
2471 2745 2474 2749 .

318 2776 415 2830 stes
452 2777 620 2829 maluit
657 2779 871 2841 ineptam
911 2776 1180 2826 doctrinam
1216 2774 1537 2826 numeralium
1576 2789 1849 2842 exponere7
1888 2790 2031 2842 quam
2069 2777 2445 2843 explicationem
