2682 3533
287 330 485 393 tamque
521 327 700 381 multae
737 328 845 381 sunt
885 329 1211 398 difficultates,
1246 332 1426 398 quibus
1465 328 1718 382 effatorum
1752 332 2017 382 verborum
2043 333 2295 398 interpres
2323 332 2405 383 vel

283 418 577 473 acutissimus
617 421 875 476 afficiatur.
922 423 1115 476 Etiamfi
1150 428 1306 495 igitur
1343 431 1443 476 toto
1480 427 1638 476 animo
1674 440 1976 478 veneramur
2011 429 2183 479 merita
2219 426 2406 483 illorum

288 517 532 584 virorum,
583 532 791 585 quorum
845 534 1002 586 opera
1050 536 1181 571 nunc
1219 520 1489 571 Pindarum
1526 534 1556 570 a
1596 520 1855 586 permultis
1907 522 2111 573 maculis
2148 521 2406 572 liberatum

283 615 338 661 et
375 608 656 663 illustratum
692 615 947 680 habemus,
983 619 1146 665 tamen
1183 629 1382 683 negare
1419 630 1518 665 non
1554 610 1821 680 poll'umuS,
1860 616 1910 665 in
1936 618 2201 667 carminum
2230 617 2408 666 eximia

285 706 544 773 gravitate
580 712 631 757 et
668 704 924 757 artificiosa
962 705 1303 773 compositione
1327 723 1426 758 non
1455 722 1616 774 pauca
1653 709 1882 775 reperiri,
1918 723 2047 775 quae
2084 724 2260 759 novam
2287 722 2409 774 per-

288 795 532 850 scrutandi
574 799 876 868 diligentiam
915 808 1210 866 provocent,
1253 816 1348 853 nec
1374 803 1635 868 quisquam
1674 800 1872 852 audebit
1899 800 2135 867 profiteri,
2176 800 2226 854 se
2251 802 2408 853 omnia

289 899 430 944 recte
466 890 768 944 intellexisse.
830 894 1045 945 Duabus
1094 902 1255 947 autem
1295 898 1344 945 in
1385 897 1537 946 rebus
1588 898 1890 960 interpretes
1928 893 2285 961 saepenumero
2323 910 2409 947 er-

289 984 417 1038 rass'e
456 986 699 1038 videntur.
776 988 878 1038 Alii
930 991 1057 1039 enim
1112 992 1159 1039 in
1213 990 1383 1040 verbis
1434 995 1616 1055 poetae
1667 987 1982 1040 sublimiorem
2020 994 2071 1040 et
2107 990 2408 1040 reconditum

286 1078 471 1131 sensum
509 1095 760 1146 quaerere
798 1083 1088 1149 maluerunt,
1125 1098 1266 1149 quam
1306 1086 1354 1132 in
1394 1081 1679 1148 simpliciore
1716 1081 1953 1133 sententia
1990 1082 2325 1149 acquiescere,
2362 1084 2411 1133 id

287 1176 497 1224 maxime
534 1179 796 1241 tenenteS,
846 1179 1033 1242 omnia,
1072 1190 1202 1242 quae
1239 1176 1488 1225 Pindarus
1537 1177 1804 1242 cecinerit,
1850 1173 1950 1227 ess’e
1988 1173 2256 1226 excelfiora
2292 1183 2343 1226 et
2380 1192 2410 1223 a

287 1268 494 1336 vulgari
531 1269 837 1336 cogitatione
874 1270 1033 1319 aliena
1070 1270 1281 1336 ideoque
1321 1268 1540 1320 obscura.
1613 1270 1813 1335 Vbique
1864 1283 1995 1338 ergo
2034 1266 2410 1334 deprehendisse

277 1359 369 1410 -fibi
408 1358 493 1410 vili
541 1359 650 1410 sunt
700 1361 940 1412 dictiones
993 1369 1043 1412 et
1091 1364 1356 1412 verborum
1408 1361 1593 1412 formas
1630 1377 1662 1411 a
1697 1365 1937 1412 communi
1972 1361 2057 1412 usu
2095 1362 2410 1426 recedenteS,

287 1452 471 1521 ipsique
508 1459 692 1519 poetae
729 1456 1005 1506 tribuerunt
1045 1463 1142 1506 tam
1181 1456 1332 1506 multa
1367 1457 1622 1521 idiomata,
1676 1462 1728 1506 ut
1766 1471 1902 1520 eum,
1958 1458 2009 1506 in
2059 1454 2409 1507 commutandis

285 1548 541 1618 cogitandi
579 1554 630 1599 et
666 1549 895 1615 loquendi
934 1551 1088 1600 modis
1127 1556 1177 1600 et
1215 1553 1262 1599 in
1289 1553 1507 1618 ratione,
1545 1565 1643 1616 qua
1680 1550 1981 1615 reliquorum
2010 1556 2267 1615 poetarum
2293 1546 2409 1612 usus

287 1645 513 1712 regitur,
562 1641 839 1708 spernenda
874 1642 1255 1711 audacissimum,
1300 1644 1451 1710 saepe
1498 1645 1695 1701 licentia
1742 1644 2025 1694 mirabiliter
2074 1641 2270 1693 abusum
2309 1641 2411 1693 effe

288 1743 533 1802 putemus·
570 1738 644 1785 At
679 1738 909 1804 audacia,
958 1753 1059 1803 qua
1096 1745 1244 1803 poeta
1282 1740 1345 1787 ad
1380 1736 1684 1787 sublimiores
1734 1739 1910 1786 mentis
1948 1740 2192 1805 regiones
2229 1738 2408 1794 evolat,

283 1845 387 1880 non
420 1827 646 1881 destituta
684 1829 753 1881 est
789 1833 992 1881 rationis
1030 1834 1307 1900 regimine,
1345 1832 1564 1896 nihilque
1598 1834 1708 1899 agit
1743 1828 1840 1881 fine
1877 1828 2094 1896 consilio,
2129 1829 2227 1881 sed.
2248 1833 2298 1880 in
2335 1833 2412 1895 iis,

289 1939 419 1990 quae
470 1925 614 1974 nobis
667 1923 976 1976 insolentiora
1030 1932 1082 1976 et
1122 1924 1331 1975 obscura
1381 1927 1641 1991 videntur,
1690 1925 1773 1975 vel
1824 1924 1886 1974 ad
1934 1926 2165 1989 antiquos
2202 1924 2411 1989 mythos,

288 2018 372 2068 vel
400 2018 474 2068 ad
508 2033 599 2069 res
635 2021 687 2068 in
723 2025 947 2085 tempore
986 2025 1142 2086 actas,
1180 2021 1264 2070 vel
1302 2020 1365 2069 ad
1400 2019 1664 2087 vulgarem
1715 2025 1942 2069 veterum
1982 2015 2261 2083 sapientiam
2297 2016 2411 2083 spe-

289 2113 487 2178 ctantia,
522 2128 622 2163 non
657 2120 754 2164 tam
793 2115 1073 2180 verborum,
1113 2128 1258 2180 quam
1296 2127 1462 2163 rerum
1498 2115 1722 2182 cognitio
1771 2114 1915 2163 nobis
1965 2109 2217 2162 molestiam
2257 2110 2411 2177 affert,

290 2204 519 2273 fiquidem
559 2222 635 2274 ea,
676 2223 804 2274 quae
843 2209 1060 2274 antiquis
1107 2208 1383 2258 hominibus
1421 2209 1471 2257 in
1508 2211 1734 2272 promptu
1776 2211 1942 2273 erant,
1992 2221 2123 2256 nunc
2160 2205 2411 2256 doctrinae

290 2316 388 2367 ope
426 2302 672 2369 eruenda,
708 2302 972 2353 verborum
1010 2303 1333 2371 ambiguitate
1373 2299 1599 2351 abscondi
1636 2297 1977 2351 existimamus.

434 2396 541 2447 Sed
564 2410 632 2447 ex
655 2396 813 2447 altera
851 2401 997 2461 parte
1041 2410 1132 2447 eos
1170 2411 1269 2446 non
1287 2396 1470 2445 „minus
1509 2409 1540 2444 a
1574 2392 1695 2445 iusta
1735 2399 1784 2445 et
1820 2397 1962 2444 recta
2003 2395 2407 2458 interpretatione

288 2490 530 2541 aberrare
566 2490 807 2556 videmus,
835 2492 935 2557 qui,
970 2490 1244 2541 libertatem
1289 2489 1451 2554 poetis
1479 2484 1751 2539 concess'am
1775 2501 1874 2538 non
1899 2484 2250 2556 agnoscenteS,
2288 2486 2409 2537 Pin·

291 2583 398 2635 dari
433 2584 648 2634 carmina
686 2589 926 2650 tamquam
965 2584 1139 2634 librum
1178 2581 1386 2648 prosaici
1422 2579 1673 2647 scriptoris
1710 2586 1937 2648 tractant,
1974 2587 2025 2632 et
2059 2579 2094 2631 fi
2130 2582 2262 2646 optio
2298 2581 2411 2631 data

292 2674 373 2744 est,
406 2675 693 2727 sententiam
729 2677 812 2727 vel
848 2677 1108 2727 dictionem
1145 2674 1455 2742 praeferunt,
1490 2689 1619 2741 quae
1654 2689 1750 2725 nec
1789 2671 1952 2738 poefin
1989 2672 2151 2740 spirat,
2187 2678 2244 2724 et.
2275 2674 2410 2742 logi-

291 2773 368 2821 cis
403 2770 691 2836 praeceptis
715 2771 893 2839 *magis
930 2767 1194 2836 respondet
1234 2783 1379 2836 quam
1419 2765 1605 2819 excelsi
1631 2768 1779 2818 animi
1815 2765 2020 2818 fervori.
