2682 3533
268 344 271 345 ⁷
356 322 631 388 Vtramque
664 315 814 369 hanc
834 320 963 368 viam
997 313 1225 370 fallacem
1261 313 1376 386 effe,
1412 325 1519 369 non·
1547 311 1630 385 est,
1665 317 1795 384 qnod
1833 307 2079 382 exemplis*
2111 317 2372 387 declarem,

257 432 353 469 nec
388 415 573 467 tantum
610 408 921 480 quaestiones
970 411 1268 464 difficiliores
1307 413 1371 464 de
1406 409 1597 465 confilio
1644 415 1696 464 in
1744 412 2093 478 componendis
2141 415 2373 464 carmini-

227 516 231 522 '
259 509 369 562 bus
391 509 620 575 adhibito,
653 506 736 558 sed
774 509 918 559 etiam
955 505 1251 577 singulorum
1290 509 1557 560 verborum
1594 507 1860 572 explicatio
1894 507 2036 558 nobis
2073 504 2371 559 occationem

259 605 470 657 offerunt
505 601 662 652 sobrie
695 608 764 653 et·
783 608 900 667 apte
938 602 1197 669 iudicandi,
1232 616 1299 653 ne
1335 617 1411 669 ea,
1448 616 1577 668 qnae
1615 599 1877 666 planiffima
1902 599 2026 664 sunt,
2066 600 2370 653 obscuritatis

256 698 460 765 quadam
497 693 661 760 specie
695 695 958 760 decorare,
995 710 1094 746 neu
1131 710 1263 762 quae
1300 703 1368 747 ex
1404 696 1637 746 liberiore
1674 696 1819 745 animi
1840 699 1971 745 motu
1995 693 2230 760 profecta·
2249 693 2371 763 sunt,

258 792 324 842 ad
361 792 609 859 ingratum
647 790 886 841 orationis
925 789 1218 859 languorem
1258 789 1510 842 deducere
1546 789 1814 840 videamur.

399 883 457 934 ln
497 886 652 991 primo
689 882 1029 949 Olympiorum
1058 886 1275 936 carmine
1313 881 1462 935 versu
1510 881 1569 932 ll
1612 884 1852 952 leguntur
1886 883 2042 934 haec.

701 981 810 1042 μηδ’
841 981 1095 1040 Ὀλυμπίας
1132 981 1298 1040 α’γοόυα
1334 984 1566 1043 φέρτερον
1604 980 1888 1045 αὐδάσομεν,

707 1074 825 1120 ὅθεν
852 1076 879 1120 ὁ
902 1075 1187 1137 πολύφατος
1216 1074 1361 1133 ὕμνος
1401 1074 1755 1136 ἀμφιβάλλεται

701 1173 873 1230 σοφῶν
910 1169 1156 1231 μητίεσσι7
1190 1167 1402 1213 κελαδεῖν

708 1262 902 1320 Ιίρόυου
925 1260 1090 1307 παῖδα.

256 1368 386 1421 quae
422 1353 580 1402 verba
616 1352 796 1401 nullam
833 1352 1167 1415 corruptionis
1204 1349 1517 1417 suspicionem
1556 1352 1833 1417 admittunt,
1882 1357 2034 1418 atque
2084 1351 2366 1405 sententiam
2416 1342 2423 1351 ’

255 1447 489 1500 exhihent
526 1445 777 1496 admodum
829 1441 1131 1510 perspicuam
1171 1450 1222 1496 et
1259 1446 1450 1497 bonam.
1523 1447 1757 1496 Attamen
1805 1460 2127 1515 permagnam
2165 1461 2365 1513 operam

256 1546 560 1608 interpretes
619 1537 979 1590 consumserunt
1026 1540 1082 1587 in
1137 1539 1428 1604 explicando
1492 1553 1589 1588 uno
1652 1540 1891 1589 vocabulo
1954 1543 2362 1606 ἀμφιβάλλεσθαι.

253 1638 483 1702 Heynius
521 1633 622 1700 ipse
659 1611 932 1699 perspexit-2
965 1646 1062 1698 qua
1099 1631 1217 1692 falsa
1254 1636 1484 1699 opinione
1508 1634 1635 1683 haec
1663 1635 1821 1683 verba
1855 1648 1966 1684 cum
2002 1636 2080 1703 iis,
2117 1649 2248 1701 quae
2285 1635 2364 1686 se—

253 1737 482 1796 quuntur⁷
519 1727 867 1795 coniungenda
904 1732 955 1774 et
1005 1731 1361 1790 ἀμφιβάλλεται
1397 1742 1489 1790 pro
1529 1735 1846 1790 προσέρχεται
1883 1730 2221 1792 accipiendum
2262 1728 2359 1780 ell'e

251 1819 519 1874 censuisset.
558 1819 654 1880 Qui
692 1826 853 1869 autem
892 1816 1075 1868 Astium
1111 1818 1302 1885 sequuti
1341 1822 1557 1869 carmina
1608 1835 1718 1869 cum
1769 1818 1962 1889 sagittis
1998 1825 2272 1887 comparari
2310 1833 2359 1873 et

252 1934 283 1968 e
321 1918 564 1968 mentibus
602 1920 859 1980 poetarum
898 1915 1046 1962 emitti
1084 1911 1449 1978 existimarunt7'
1466 1929 1565 1964 non
1602 1912 1716 1964 satis
1753 1921 2143 1982 reputaverunt,
2178 1918 2229 1966 in
2265 1918 2357 1968 hac

249 2011 534 2076 metaphora
571 2010 618 2058 id
658 2005 932 2066 defiderari‚
974 2009 1104 2073 quod
1127 2005 1274 2072 ipsam
1312 2005 1637 2074 constitueret7
1672 2007 1958 2078 sagittarum
1996 2023 2182 2060 nomen.
2221 2011 2357 2062 Idem

251 2105 505 2155 dicendum
543 2100 611 2153 est
648 2103 710 2152 de
747 2104 822 2168 iis,
860 2103 943 2166 qui
979 2103 1196 2150 carmina
1234 2099 1486 2151 sententiis
1523 2100 1809 2167 sapientium
1846 2108 2079 2152 coronata
2100 2105 2357 2175 intellige-

248 2201 377 2249 bant.
416 2198 656 2248 Miramur
692 2211 816 2247 vero
858 2210 1001 2260 quam
1028 2194 1264 2245 audacter
1312 2194 1631 2246 'l'bierschius
1668 2196 1875 2261 hymnos
1913 2194 2109 2247 fimterit
2142 2213 2238 2263 per
2278 2198 2356 2251 sa-

248 2294 479 2357 pientium
514 2305 682 2342 curam
708 2292 871 2355 armiS‚
893 2303 1023 2355 quae
1058 2286 1213 2339 ell'ent
1253 2289 1378 2339 modi
1404 2287 1578 2355 mufic'i‚
1605 2290 1811 2340 indutos,
1851 2290 1906 2339 Is
1931 2292 2073 2357 enim,
2111 2294 2198 2357 qui
2224 2296 2356 2359 apud

247 2387 512 2436 Homerum
550 2382 640 2435 Od.
664 2379 753 2446 22,
786 2379 888 2431 1⁰3
912 2383 974 2433 de
1002 2384 1153 2433 armis
1174 2383 1408 2449 loquitur,
1444 2383 1628 2434 addere
1654 2389 1850 2448 poterat
1877 2387 2025 2442 αὐτᾶς
2062 2388 2354 2450 ἀμφιβολεῦ-

246 2499 329 2539 μαι
355 2482 466 2528 ἰιῆυε
501 2476 583 2529 sed
621 2477 734 2528 inde
771 2491 867 2527 non
905 2473 1058 2542 potest
1094 2476 1277 2545 colligi,
1317 2480 1709 2541 ἀμφιβάλλεσθαι
1745 2473 2022 2544 significare
2062 2479 2225 2529 armis
2263 2482 2352 2532 in-

247 2569 353 2637 dui,
387 2580 481 2622 nec
521 2578 671 2639 patet7
707 2585 837 2638 quae
876 2568 962 2620 fint
999 2571 1215 2620 carmina
1255 2575 1454 2619 armata.
1514 2568 1799 2620 Boeckhius
1848 2572 2208 2637 interpretatur
2257 2578 2351 2629 ita:

246 2666 453 2729 hymnus
493 2663 788 2731 insinuatur
827 2662 1099 2713 doctorum
1135 2659 1409 2728 mentibus,
1447 2669 1497 2712 et
1532 2668 1585 2712 ut
1610 2665 1855 2713 notionem
1881 2662 2145 2715 infinuandi
2170 2670 2350 2722 tribnat

245 2756 401 2807 verbo
442 2760 851 2823 ἀμφιβάλλεσθαι,
876 2757 991 2807 dicit
1026 2752 1128 2807 eil'e
1166 2751 1339 2822 obiici,
1374 2753 1574 2823 offerri,
1610 2753 1845 2823 afflmdi,
1880 2755 2167 2826 insinuari,
2203 2762 2350 2830 idque

1757 2850 1796 2891 Α
1830 2865 1855 2896 2
