2682 3533
1096 236 1160 247 —-
1288 227 1320 256 ι)
1442 236 1503 244 —

142 363 146 366 ⁴
235 340 638 398 Schneidevinfls
649 339 937 405 nuperrime
950 338 1165 389 coniecit
1186 340 1331 399 νομὸς
1353 341 1610 402 μεμέλητὰι
1631 339 1793 401 ἀοιδῆς
1816 341 1867 387 et
1893 338 1962 387 ita
1982 334 2193 387 reddidit
2217 331 2353 402 liegt

236 432 325 486 dir
348 429 723 486 dochiaci-all
743 428 842 482 der
871 429 958 485 W
947 428 1220 498 eideplatz
1255 428 1362 481 den
1391 427 1633 482 Liedern
1657 444 1745 480 am
1776 426 2029 497 Her-zen,
2066 429 2115 480 id
2153 441 2355 493 vereor⁷

238 534 295 579 ut
330 543 456 583 cum.
476 540 674 596 graece
689 549 692 551 ·
709 531 762 577 et
794 527 1087 595 germanice
1123 525 1354 593 loquendi
1390 523 1478 576 ul'u
1513 526 1793 576 conveniat.
1841 524 1915 575 At
1948 523 2081 575 nulla
2116 521 2354 574 emenda—

237 625 371 674 tione
407 634 538 686 opus
574 616 668 696 ολ,
717 616 801 670 nifi
839 619 971 686 quod
1007 622 1058 670 in
1093 616 1334 685 scriptura
1383 619 1603 671 codic-,um
1653 623 1929 683 βεβλήαται
1966 621 2092 683 φ’ὁῆς
2127 614 2352 669 restituas

235 718 483 780 antiquam
508 712 711 764 formam
748 717 927 777 ἀοιδῆς.
966 715 1104 764 Dicit
1118 715 1256 764 'enim
1282 718 1459 778 poeta:
1495 710 1691 782 ubique
1717 709 1832 772 tibi,
1848 709 2086 779 Phoebe,
2110 710 2352 761 carmina

235 804 516 858 modulata
552 804 933 875 divulgantur,
986 806 1117 873 quod
1165 803 1261 873 est,
1310 807 1488 858 laudes
1525 811 1643 857 tuae
1679 807 1979 857 carminibus
2015 805 2352 873 divulgantur.

237 900 418 965 Neque
468 900 610 950 aliter
664 900 864 951 Pindari
902 900 1059 950 verba
1109 902 1304 963 accepit
1352 896 1628 949 scholiastes
1642 936 1656 964 ,
1708 902 1792 965 qui
1832 901 2187 963 interpretatur
2238 901 2355 944 αὐα-

238 994 470 1055 κρούεται.

350 1087 527 1137 Aurea
562 1085 670 1137 sunt
706 1088 865 1138 verba
902 1089 1131 1137 carminis
1170 1085 1370 1138 secundi
1409 1104 1457 1137 v.
1483 1083 1555 1135 62
1593 1083 1755 1152 (102)
1795 1088 1857 1138 de
1895 1072 2077 1136 divitiis
2116 1101 2224 1135 cum
2250 1086 2356 1133 vir-

240 1184 344 1230 tute
381 1182 685 1232 coniunctis:

612 1279 653 1323 εἰ
677 1279 735 1324 ὁέ
751 1297 830 1336 μιυ
856 1279 980 1339 ἔχων
1013 1296 1095 1337 τις,
1137 1276 1262 1324 οἷὸευ
1287 1279 1343 1324 τὸ
1379 1282 1572 1339 με’λλου,

611 1370 687 1417 ὅτι
720 1373 976 1417 θαυόυτωυ
1013 1374 1100 1430 μὲν
1124 1371 1286 1417 ἐνθάδ’
1323 1372 1474 1418 αὐτίκ’
1512 1365 1798 1439 ἀπάλαμνοιῖ
1826 1377 1990 1432 φ’ρέυες

608 1466 777 1519 ,ποινὰς
815 1465 1004 1522 ἔτισαν,
1033 1466 1093 1511 τά
1122 1465 1226 1511 δ’ἐυ
1251 1465 1362 1526 τᾷδε
1399 1466 1507 1520 Διός
1544 1467 1668 1526 α’ρχᾷ
1693 1452 1696 1454 l

615 1558 781 1618 ἀλιτρά
808 1560 930 1604 κατὰ
963 1563 1049 1620 γᾶς
1073 1556 1246 1617 δικάζει
1270 1575 1337 1613 τις
1364 1561 1515 1619 ἐχθρᾷ

613 1652 759 1712 λόγου
784 1653 995 1714 φράσαις
1019 1653 1214 1713 ἀνάγκᾳ.

239 1744 291 1792 in
330 1742 510 1807 quibus
550 1746 601 1792 et
635 1744 958 1810 grammatica
994 1743 1118 1792 ratio
1154 1747 1250 1792 tam
1302 1741 1542 1807 perversa
1590 1748 1650 1804 et,
1687 1742 1926 1794 sententia
1975 1746 2071 1792 tam
2121 1742 2362 1807 implicata

241 1835 504 1886 videbatur
541 1833 653 1898 effe,
687 1840 741 1885 ut
777 1836 1082 1900 interpretes
1115 1835 1200 1885 vel
1235 1835 1299 1886 de
1334 1838 1624 1905 integritate
1650 1837 1915 1887 verborum
1954 1836 2243 1901 dubitarent,
2279 1835 2361 1885 vel

243 1934 439 1993 poetam
474 1943 505 1978 a
540 1929 689 1995 plana
726 1930 811 1979 via
853 1926 1104 1979 deceffill'e
1142 1933 1395 1994 putarent.
1428 1931 1633 1996 Antiqui
1669 1929 1778 1980 libri
1815 1930 2057 1995 praebent
2095 1933 2229 1995 ἕχωυ,
2267 1944 2360 1994 pro

243 2036 344 2088 quo
381 2022 763 2088 interpolatores
803 2019 1148 2073 substituerunt
1185 2026 1291 2087 ἔχει.

386 2116 707 2166 Hermannus
743 2116 793 2165 id
828 2129 1032 2184 negans
1068 2130 1223 2183 „non,
1260 2119 1439 2183 inquit,
1491 2118 1634 2167 verbi
1670 2118 1828 2167 locum
1867 2122 2005 2167 tenet
2040 2118 2362 2181 participium,

241 2206 323 2259 sed
363 2207 538 2259 fervor
576 2214 774 2274 poetam
815 2210 878 2259 ad
916 2210 1248 2260 anacoluthon
1284 2211 1510 2275 abripuit.
1550 2211 1763 2261 Volebat
1801 2210 1995 2260 dicere:
2028 2207 2061 2259 fi
2096 2211 2210 2275 quis
2233 2222 2363 2274 opes

241 2304 428 2352 virtute
465 2307 768 2368 temperatas
808 2300 1081 2370 poffidenS,
1131 2301 1306 2354 sortem
1356 2305 1573 2354 intuetur
1622 2318 1817 2369 eorum,
1866 2305 1949 2369 qui
1985 2307 2194 2368 propter
2231 2303 2364 2355 bene

239 2393 374 2446 sacta
400 2395 494 2446 diis
531 2398 637 2446 cari
675 2394 796 2463 sunt⁷
832 2399 878 2446 is
909 2398 986 2446 ⁴ita
1021 2398 1173 2447 utitur
1211 2397 1395 2447 divitiis
1410 2432 1426 2460 ‚
1466 2402 1520 2447 ut
1556 2397 1636 2447 hic
1676 2397 1858 2446 Thero.
1921 2394 2030 2446 Sed
2067 2395 2264 2446 delatus
2302 2395 2365 2445 ad

242 2486 611 2554 descriptionem
665 2490 794 2540 illius
842 2491 1097 2540 beatorum
1145 2488 1315 2557 sortis⁷
1377 2504 1470 2555 pro
1516 2487 1732 2556 apodofi,
1783 2503 1913 2554 quae
1963 2487 2104 2555 sequi
2140 2489 2365 2554 debebat,

242 2579 380 2631 aliam
418 2581 622 2633 liberius
660 2581 1010 2634 conformatam
1058 2580 1289 2634 substituit
1325 2600 1374 2634 v.
1408 2580 1511 2632 16⁰
1549 2586 1684 2647 ἔπεχε
1717 2591 1806 2631 υῦυ
1844 2591 2012 2648 σκοπῷ
2052 2583 2201 2645 τόξου
2239 2580 2365 2633 etc.“

242 2676 315 2725 At
350 2675 435 2725 tali
463 2675 703 2743 vloquendi
743 2677 950 2729 audacia
967 2695 970 2701 ·
986 2679 1076 2729 vix
1111 2679 1371 2745 quisquam
1406 2680 1571 2744 utitur,
1606 2678 1692 2743 qui
1731 2681 1785 2726 ut
1820 2674 2060 2729 sententia
2096 2675 2182 2727 [ua
2219 2677 2364 2727 intel-

244 2771 429 2837 ligatur
467 2771 518 2819 in
553 2773 691 2820 curis
728 2771 893 2821 habet.
919 2815 923 2817 -
950 2772 1197 2821 Pindarus
1248 2772 1442 2838 quidem
1483 2772 1630 2820 animi
1652 2769 1860 2821 fervore
1889 2785 1986 2821 non
2016 2774 2084 2820 ita
2120 2772 2364 2835 corripie-
